@inproceedings{DBLP:conf/wabi/Myers14,
	Author = {Gene Myers},
	Booktitle = {Algorithms in Bioinformatics - 14th International Workshop, {WABI} 2014, Wroclaw, Poland, September 8-10, 2014. Proceedings},
	Crossref = {DBLP:conf/wabi/2014},
	Pages = {52--67},
	Title = {Efficient Local Alignment Discovery amongst Noisy Long Reads},
	Year = {2014}}

@proceedings{DBLP:conf/wabi/2014,
	Editor = {Daniel G. Brown and Burkhard Morgenstern},
	Publisher = {Springer},
	Title = {Algorithms in Bioinformatics - 14th International Workshop, {WABI} 2014, Wroclaw, Poland, September 8-10, 2014. Proceedings},
	Volume = {8701},
	Year = {2014}}

@inproceedings{DBLP:conf/sigmod/SchleimerWA03,
	Author = {Saul Schleimer and Daniel Shawcross Wilkerson and Alexander Aiken},
	Booktitle = {Proceedings of the 2003 {ACM} {SIGMOD} International Conference on Management of Data, San Diego, California, USA, June 9-12, 2003},
	Crossref = {DBLP:conf/sigmod/2003},
	Pages = {76--85},
	Title = {Winnowing: Local Algorithms for Document Fingerprinting},
	Year = {2003}}

@proceedings{DBLP:conf/sigmod/2003,
	Editor = {Alon Y. Halevy and Zachary G. Ives and AnHai Doan},
	Publisher = {{ACM}},
	Title = {Proceedings of the 2003 {ACM} {SIGMOD} International Conference on Management of Data, San Diego, California, USA, June 9-12, 2003},
	Year = {2003}}

@article{Myers:2000kl,
	Author = {Myers, E W and others},
	Journal = {Science},
	Pages = {2196-204},
	Title = {A whole-genome assembly of {Drosophila}},
	Volume = {287},
	Year = {2000}}

@article{Roberts:2004fv,
	Author = {Roberts, Michael and others},
	Journal = {Bioinformatics},
	Pages = {3363-9},
	Title = {Reducing storage requirements for biological sequence comparison},
	Volume = {20},
	Year = {2004}}

@article{Myers:2005bh,
	Author = {Myers, Eugene W},
	Journal = {Bioinformatics},
	Pages = {ii79-85},
	Title = {The fragment assembly string graph},
	Volume = {21 Suppl 2},
	Year = {2005}}

@article{Zerbino:2008uq,
	Author = {Zerbino, Daniel R and Birney, Ewan},
	Journal = {Genome Res},
	Pages = {821-9},
	Title = {Velvet: algorithms for de novo short read assembly using de {Bruijn} graphs},
	Volume = {18},
	Year = {2008}}

@article{Kahn62aa,
	Author = {Kahn, Arthur B},
	Journal = {Communications of the ACM},
	Pages = {558--562},
	Title = {Topological sorting of large networks},
	Volume = {5},
	Year = {1962}}

@article{Li:2012fk,
	Author = {Li, Heng},
	Journal = {Bioinformatics},
	Pages = {1838-44},
	Title = {Exploring single-sample {SNP} and {INDEL} calling with whole-genome de novo assembly},
	Volume = {28},
	Year = {2012}}

@article{Berlin:2015xy,
	Author = {Berlin, Konstantin and others},
	Journal = {Nat Biotechnol},
	Pages = {623-30},
	Title = {Assembling large genomes with single-molecule sequencing and locality-sensitive hashing},
	Volume = {33},
	Year = {2015}}

@article{sovic:2015aa,
	Author = {Ivan Sovic and others},
	Journal = {bioRxiv},
	Title = {Fast and sensitive mapping of error-prone nanopore sequencing reads with GraphMap},
	Year = {2015}}

@article{TCS15,
  author    = {Ljiljana  Brankovic and others},
  title     = {Linear-Time Superbubble Identification Algorithm for Genome Assembly},
  journal   = {Theoretical Computer Science},
  year      = {2015},
  doi       = {10.1016/j.tcs.2015.10.021}
}

@inproceedings{DBLP:conf/wabi/OnoderaSS13,
	Author = {Taku Onodera and Kunihiko Sadakane and Tetsuo Shibuya},
	Booktitle = {{WABI}},
	Crossref = {DBLP:conf/wabi/2013},
	Pages = {338--348},
	Title = {Detecting Superbubbles in Assembly Graphs},
	Year = {2013}}

@proceedings{DBLP:conf/wabi/2013,
  editor    = {Aaron E. Darling and
               Jens Stoye},
  title     = {Algorithms in Bioinformatics - 13th International Workshop, {WABI}
               2013, Sophia Antipolis, France, September 2-4, 2013. Proceedings},
  series    = {Lecture Notes in Computer Science},
  volume    = {8126},
  publisher = {Springer},
  year      = {2013},
}

@article{Wick:2015qf,
	Author = {Wick, Ryan R and others},
	Journal = {Bioinformatics},
	Pages = {3350-2},
	Title = {Bandage: interactive visualization of de novo genome assemblies},
	Volume = {31},
	Year = {2015}}

@article{Li:2009ys,
	Author = {Li, Heng and others},
	Journal = {Bioinformatics},
	Pages = {2078-9},
	Title = {The Sequence Alignment/Map format and SAMtools},
	Volume = {25},
	Year = {2009}}

@article{Alkan:2011zr,
	Author = {Alkan, Can and others},
	Journal = {Nat Methods},
	Pages = {61-5},
	Title = {Limitations of next-generation genome sequence assembly},
	Volume = {8},
	Year = {2011}}

@article{Chaisson:2015wj,
	Author = {Chaisson, Mark J P and others},
	Journal = {Nat Rev Genet},
	Pages = {627-40},
	Title = {Genetic variation and the de novo assembly of human genomes},
	Volume = {16},
	Year = {2015}}

@article{Bashir:2012gb,
	Author = {Bashir, Ali and others},
	Journal = {Nat Biotechnol},
	Pages = {701-7},
	Title = {A hybrid approach for the automated finishing of bacterial genomes},
	Volume = {30},
	Year = {2012}}

@article{Ribeiro:2012bx,
	Author = {Ribeiro, Filipe J and others},
	Journal = {Genome Res},
	Pages = {2270-7},
	Title = {Finished bacterial genomes from shotgun sequence data},
	Volume = {22},
	Year = {2012}}

@article{Koren:2012pt,
	Author = {Koren, Sergey and others},
	Journal = {Nat Biotechnol},
	Pages = {693-700},
	Title = {Hybrid error correction and de novo assembly of single-molecule sequencing reads},
	Volume = {30},
	Year = {2012}}

@article{Chin:2013qr,
	Author = {Chin, Chen-Shan and others},
	Journal = {Nat Methods},
	Pages = {563-9},
	Title = {Nonhybrid, finished microbial genome assemblies from long-read SMRT sequencing data},
	Volume = {10},
	Year = {2013}}

@article{Koren:2013fc,
	Author = {Koren, Sergey and others},
	Journal = {Genome Biol},
	Pages = {R101},
	Title = {Reducing assembly complexity of microbial genomes with single-molecule sequencing},
	Volume = {14},
	Year = {2013}}

@article{Quick:2014uf,
	Author = {Quick, Joshua and others},
	Journal = {Gigascience},
	Pages = {22},
	Title = {A reference bacterial genome dataset generated on the MinION{\texttrademark} portable single-molecule nanopore sequencer},
	Volume = {3},
	Year = {2014}}

@article{Loman:2015xu,
	Author = {Loman, Nicholas J and others},
	Journal = {Nat Methods},
	Pages = {733-5},
	Title = {A complete bacterial genome assembled de novo using only nanopore sequencing data},
	Volume = {12},
	Year = {2015}}

@article{Chaisson:2012aa,
	Author = {Chaisson, Mark J and Tesler, Glenn},
	Journal = {BMC Bioinformatics},
	Pages = {238},
	Title = {Mapping single molecule sequencing reads using basic local alignment with successive refinement (BLASR): application and theory},
	Volume = {13},
	Year = {2012}}

@inproceedings{Broder:1997aa,
	Author = {Broder, Andrei Z},
	Booktitle = {Compression and Complexity of Sequences},
	Pages = {21-29},
	Title = {On the resemblance and containment of documents},
	Year = {1997}}

@article{Altschul:1997vn,
	Author = {Altschul, S F and others},
	Journal = {Nucleic Acids Res},
	Pages = {3389-402},
	Title = {Gapped {BLAST} and {PSI-BLAST}: a new generation of protein database search programs},
	Volume = {25},
	Year = {1997}}

@article{Kent:2002jk,
	Author = {Kent, W James},
	Journal = {Genome Res},
	Pages = {656-64},
	Title = {{BLAT}--the {BLAST}-like alignment tool},
	Volume = {12},
	Year = {2002}}

@phdthesis{harris:2007aa,
	Author = {Harris, R.S.},
	School = {The Pennsylvania State University},
	Title = {Improved pairwise alignment of genomic DNA},
	Year = {2007}}

@article{Kiebasa:2011aa,
	Author = {Kie{\l}basa, Szymon M and others},
	Journal = {Genome Res},
	Pages = {487-93},
	Title = {Adaptive seeds tame genomic sequence comparison},
	Volume = {21},
	Year = {2011}}

@article{Li:2013aa,
	Author = {Li, Heng},
	Journal = {arXiv:1303.3997},
	Title = {Aligning sequence reads, clone sequences and assembly contigs with BWA-MEM},
	Year = {2013}}
